<record><leader>00000cas a2200000 a 4500</leader><controlfield tag="001">9345185</controlfield><controlfield tag="008">830325d18451849maucr ne      0    0eng c</controlfield><datafield ind1=" " ind2=" " tag="010"><subfield code="a">sn 83020424 </subfield></datafield><datafield ind1=" " ind2=" " tag="040"><subfield code="a">NPX</subfield><subfield code="b">eng</subfield><subfield code="c">NPX</subfield><subfield code="d">DLC</subfield><subfield code="d">MGN</subfield><subfield code="d">DLC</subfield><subfield code="d">OCLCQ</subfield><subfield code="d">OCLCA</subfield><subfield code="d">OCLCF</subfield><subfield code="d">OCLCA</subfield></datafield><datafield ind1="1" ind2=" " tag="029"><subfield code="a">AU@</subfield><subfield code="b">000020275539</subfield></datafield><datafield ind1=" " ind2=" " tag="042"><subfield code="a">pcc</subfield></datafield><datafield ind1=" " ind2=" " tag="043"><subfield code="a">n-us-ma</subfield></datafield><datafield ind1="0" ind2="0" tag="050"><subfield code="a">Newspaper</subfield></datafield><datafield ind1="0" ind2=" " tag="130"><subfield code="a">Newburyport advertiser (Newburyport, Mass. : 1845)</subfield></datafield><datafield ind1="1" ind2="0" tag="245"><subfield code="a">Newburyport advertiser.</subfield></datafield><datafield ind1=" " ind2=" " tag="260"><subfield code="a">Newburyport, Mass. :</subfield><subfield code="b">W.H. Huse, J.H. Bragdon and A.M. Berry,</subfield><subfield code="c">1845-</subfield></datafield><datafield ind1=" " ind2=" " tag="300"><subfield code="a">v. ;</subfield><subfield code="c">55 cm.</subfield></datafield><datafield ind1=" " ind2=" " tag="310"><subfield code="a">Semiweekly</subfield></datafield><datafield ind1="0" ind2=" " tag="362"><subfield code="a">Vol. 1, no. 1 (Oct. 7, 1845)-</subfield></datafield><datafield ind1="1" ind2=" " tag="362"><subfield code="a">Ceased July 10, 1849. Cf. Currier, J.J. Hist. of Newburyport.</subfield></datafield><datafield ind1=" " ind2=" " tag="500"><subfield code="a">Publisher: Huse &amp; Bragdon, 1847-1849.</subfield></datafield><datafield ind1=" " ind2=" " tag="500"><subfield code="a">Editors: Huse, 1846-1849; Bragdon, 1846-1849; Berry, 1846-1847.</subfield></datafield><datafield ind1=" " ind2="0" tag="651"><subfield code="a">Newburyport (Mass.)</subfield><subfield code="v">Newspapers.</subfield></datafield><datafield ind1=" " ind2="0" tag="651"><subfield code="a">Essex County (Mass.)</subfield><subfield code="v">Newspapers.</subfield></datafield><datafield ind1=" " ind2="7" tag="655"><subfield code="a">Newspapers.</subfield><subfield code="2">fast</subfield><subfield code="0">(OCoLC)fst01423814</subfield></datafield><datafield ind1=" " ind2="7" tag="651"><subfield code="a">Massachusetts</subfield><subfield code="z">Essex County.</subfield><subfield code="2">fast</subfield><subfield code="0">(OCoLC)fst01205527</subfield></datafield><datafield ind1=" " ind2="7" tag="651"><subfield code="a">Massachusetts</subfield><subfield code="z">Newburyport.</subfield><subfield code="2">fast</subfield><subfield code="0">(OCoLC)fst01215824</subfield></datafield><datafield ind1="1" ind2=" " tag="700"><subfield code="a">Huse, William H.</subfield></datafield><datafield ind1="1" ind2=" " tag="700"><subfield code="a">Bragdon, Joseph H.,</subfield><subfield code="d">-1905.</subfield></datafield><datafield ind1="1" ind2=" " tag="700"><subfield code="a">Berry, Alfred M.</subfield></datafield><datafield ind1=" " ind2=" " tag="752"><subfield code="a">United States</subfield><subfield code="b">Massachusetts</subfield><subfield code="c">Essex</subfield><subfield code="d">Newburyport.</subfield></datafield><datafield ind1="0" ind2="0" tag="785"><subfield code="t">Daily evening union (Newburyport, Mass.)</subfield><subfield code="w">(DLC)sn 83020425</subfield><subfield code="w">(OCoLC)9345293</subfield></datafield></record>